@misc{price_2016,
    title={Radio broadcast hacks listeners' Amazon Echo devices},
    url={http://www.upi.com/Odd_News/2016/03/16/Radio-broadcast-hacks-listeners-Amazon-Echo-devices/8711458115390/},
    publisher={UPI},
    author={Price, Shawn},
    year={2016},
    month={Mar}
}

@misc{feldman_2016,
    title={NPR Segment on Amazon Echo Accidentally Activates Robot Army of Speakers}, url={http://nymag.com/selectall/2016/03/npr-segment-on-amazon-echo-messes-with-devices.html},
    author={Feldman, Brian}
    year={2016}
    month={Mar}
}

@misc{bbc_news_2017,
    title={Amazon Echos activated by TV comment}, url={http://www.bbc.com/news/technology-38553643},
    journal={BBC News},
    publisher={BBC},
    year={2017},
    month={Jan}
}

@article{fpga_gmm,
    title={FPGA Implementation for GMM-Based Speaker Identification},
    volume={2011}, DOI={10.1155/2011/420369},
    journal={International Journal of Reconfigurable Computing},
    author={Ehkan, Phaklen and Allen, Timothy and Quigley, Steven F.},
    year={2011},
    pages={1â€“8}
}

@misc{mfcc_pres,
    place={Pittsburgh, PA},
    title={Topic: Spectrogram, Cepstrum and Mel-Frequency Analysis}, url={http://www.speech.cs.cmu.edu/15-492/slides/03_mfcc.pdf},
    journal={CMU CS},
    author={Prahallad, Kishore}
}

@article{price_dnn,
    title={A scalable speech recognizer with deep-neural-network acoustic models and voice-activated power gating},
    DOI={10.1109/isscc.2017.7870352},
    journal={2017 IEEE International Solid-State Circuits Conference (ISSCC)}, 
    author={Price, Michael and Glass, James and Chandrakasan, Anantha P.},
    year={2017}
}

@misc{vad_hmf,
    author = {Ekapol Chuangsuwanich and James Glass},
    title = {Robust Voice Activity Detector for Real World Applications Using Harmonicity and Modulation frequency},
    year = {2011}
}

@inproceedings{ivector_dnn_posterior,
    title={A novel scheme for speaker recognition using a phonetically-aware deep neural network},
    author={Lei, Yun and Scheffer, Nicolas and Ferrer, Luciana and McLaren, Mitchell},
    booktitle={Acoustics, Speech and Signal Processing (ICASSP), 2014 IEEE International Conference on},
    pages={1695--1699},
    year={2014},
    organization={IEEE}
}

@inproceedings{ivector_stateofart,
    title={PLDA for speaker verification with utterances of arbitrary duration},
    author={Kenny, Patrick and Stafylakis, Themos and Ouellet, Pierre and Alam, Md Jahangir and Dumouchel, Pierre},
    booktitle={Acoustics, Speech and Signal Processing (ICASSP), 2013 IEEE International Conference on},
    pages={7649--7653},
    year={2013},
    organization={IEEE}
}

@misc{ivector_ss,
    title={Low-dimensional speech representation based on Factor Analysis and its applications}, journal={Interspeech},
    author={Shum, Stephen},
    year={2011}
}

@inproceedings{ubm,
    title={Universal background model based speech recognition},
    author={Povey, Daniel and Chu, Stephen M and Varadarajan, Balakrishnan},
    booktitle={Acoustics, Speech and Signal Processing, 2008. ICASSP 2008. IEEE International Conference on},
    pages={4561--4564},
    year={2008},
    organization={IEEE}
}

@article{ubm2,
    title={Universal background models},
    author={Reynolds, Douglas},
    journal={Encyclopedia of biometrics},
    pages={1547--1550},
    year={2015},
    publisher={Springer}
}

@inproceedings{supervector,
    title={SVM based speaker verification using a GMM supervector kernel and NAP variability compensation},
    author={Campbell, William M and Sturim, Douglas E and Reynolds, Douglas A and Solomonoff, Alex},
    booktitle={Acoustics, Speech and Signal Processing, 2006. ICASSP 2006 Proceedings. 2006 IEEE International Conference on},
    volume={1},
    pages={I--I},
    year={2006},
    organization={IEEE}
}

@article{rsr,
title={Text-dependent speaker verification: Classifiers, databases and RSR2015},
author={Larcher, Anthony and Lee, Kong Aik and Ma, Bin and Li, Haizhou},
journal={Speech Communication},
volume={60},
pages={56--77},
year={2014},
publisher={Elsevier}
}
@inproceedings{sre,
title={Human Assisted Speaker Recognition In NIST SRE10.},
author={Greenberg, Craig S and Martin, Alvin F and Brandschain, Linda and Campbell, Joseph P and Cieri, Christopher and Doddington, George R and Godfrey, John J},
booktitle={Odyssey},
pages={32},
year={2010}
}
@inproceedings{kaldi,
title={The Kaldi speech recognition toolkit},
author={Povey, Daniel and Ghoshal, Arnab and Boulianne, Gilles and Burget, Lukas and Glembek, Ondrej and Goel, Nagendra and Hannemann, Mirko and Motlicek, Petr and Qian, Yanmin and Schwarz, Petr and others},
booktitle={IEEE 2011 workshop on automatic speech recognition and understanding},
number={EPFL-CONF-192584},
year={2011},
organization={IEEE Signal Processing Society}
}

@inproceedings{imagenet,
title={Imagenet classification with deep convolutional neural networks},
author={Krizhevsky, Alex and Sutskever, Ilya and Hinton, Geoffrey E},
booktitle={Advances in neural information processing systems},
pages={1097--1105},
year={2012}
}

@article{speechrec,
title={Deep neural networks for acoustic modeling in speech recognition: The shared views of four research groups},
author={Hinton, Geoffrey and Deng, Li and Yu, Dong and Dahl, George E and Mohamed, Abdel-rahman and Jaitly, Navdeep and Senior, Andrew and Vanhoucke, Vincent and Nguyen, Patrick and Sainath, Tara N and others},
journal={IEEE Signal Processing Magazine},
volume={29},
number={6},
pages={82--97},
year={2012},
publisher={IEEE}
}

@article{drugs,
title={Deep neural nets as a method for quantitative structure--activity relationships},
author={Ma, Junshui and Sheridan, Robert P and Liaw, Andy and Dahl, George E and Svetnik, Vladimir},
journal={Journal of chemical information and modeling},
volume={55},
number={2},
pages={263--274},
year={2015},
publisher={ACS Publications}
}

@inproceedings{translation,
title={Sequence to sequence learning with neural networks},
author={Sutskever, Ilya and Vinyals, Oriol and Le, Quoc V},
booktitle={Advances in neural information processing systems},
pages={3104--3112},
year={2014}
}

@article{lidsid,
title={Deep neural network approaches to speaker and language recognition},
author={Richardson, Fred and Reynolds, Douglas and Dehak, Najim},
journal={IEEE Signal Processing Letters},
volume={22},
number={10},
pages={1671--1675},
year={2015},
publisher={IEEE}
}

@inproceedings{smallfootprint,
title={Deep neural networks for small footprint text-dependent speaker verification},
author={Variani, Ehsan and Lei, Xin and McDermott, Erik and Moreno, Ignacio Lopez and Gonzalez-Dominguez, Javier},
booktitle={Acoustics, Speech and Signal Processing (ICASSP), 2014 IEEE International Conference on},
pages={4052--4056},
year={2014},
organization={IEEE}
}

@inproceedings{smallfootprintasr,
title={Small-footprint high-performance deep neural network-based speech recognition using split-VQ},
author={Wang, Yongqiang and Li, Jinyu and Gong, Yifan},
booktitle={Acoustics, Speech and Signal Processing (ICASSP), 2015 IEEE International Conference on},
pages={4984--4988},
year={2015},
organization={IEEE}
}

@article{squeezenet,
title={SqueezeNet: AlexNet-level accuracy with 50x fewer parameters and< 0.5 MB model size},
author={Iandola, Forrest N and Han, Song and Moskewicz, Matthew W and Ashraf, Khalid and Dally, William J and Keutzer, Kurt},
journal={arXiv preprint arXiv:1602.07360},
year={2016}
}

@article{deepcompression,
title={Deep compression: Compressing deep neural networks with pruning, trained quantization and huffman coding},
author={Han, Song and Mao, Huizi and Dally, William J},
journal={arXiv preprint arXiv:1510.00149},
year={2015}
}

@article{price_wfst,
author={Price, Michael and Glass, James and Chandrakasan, Anantha P},
title={A 6 mW, 5,000-word real-time speech recognizer using WFST models},
journal={IEEE Journal of Solid-State Circuits},
volume={50},
number={1},
pages={102--112},
year={2015},
publisher={IEEE}
}

@article{mfccchip,
title={Chip design of MFCC extraction for speech recognition},
author={Wang, Jia-Ching and Wang, Jhing-Fa and Weng, Yu-Sheng},
journal={INTEGRATION, the VLSI journal},
volume={32},
number={1},
pages={111--131},
year={2002},
publisher={Elsevier}
}

@article{dsd,
title={Dsd: Regularizing deep neural networks with dense-sparse-dense training flow},
author={Han, Song and Pool, Jeff and Narang, Sharan and Mao, Huizi and Tang, Shijian and Elsen, Erich and Catanzaro, Bryan and Tran, John and Dally, William J},
journal={arXiv preprint arXiv:1607.04381},
year={2016}
}

@online {quantize,
author = "Google",
title  = "How to Quantize Neural Networks with TensorFlow",
month  = "apr",
year   = "2017",
url    = "https://www.tensorflow.org/performance/quantization"
}

@inproceedings{attention,
title={Recurrent models of visual attention},
author={Mnih, Volodymyr and Heess, Nicolas and Graves, Alex and others},
booktitle={Advances in neural information processing systems},
pages={2204--2212},
year={2014}
}

@article{svattn,
title={End-to-End Attention based Text-Dependent Speaker Verification},
author={Zhang, Shi-Xiong and Chen, Zhuo and Zhao, Yong and Li, Jinyu and Gong, Yifan},
journal={arXiv preprint arXiv:1701.00562},
year={2017}
}

@article{tisv,
title={DEEP NEURAL NETWORK-BASED SPEAKER EMBEDDINGS FOR END-TO-END SPEAKER VERIFICATION},
author={Snyder, David and Ghahremani, Pegah and Povey, Daniel and Garcia-Romero, Daniel and Carmiel, Yishay and Khudanpur, Sanjeev}
}

@article{multitaskasr,
title={Multi-task recurrent model for speech and speaker recognition},
author={Tang, Zhiyuan and Li, Lantian and Wang, Dong},
journal={arXiv preprint arXiv:1603.09643},
year={2016}
}

@article{sidfpga,
title={Real time implementation of speaker identification system with frame picking algorithm},
author={Sarkar, Gourav and Saha, Goutam},
journal={Procedia Computer Science},
volume={2},
pages={173--180},
year={2010},
publisher={Elsevier}
}

@inproceedings{svmfpga,
title={SVM speaker verification system based on a low-cost FPGA},
author={Ramos-Lara, Rafael and L{\'o}pez-Garc{\'\i}a, Mariano and Cant{\'o}-Navarro, Enrique and Puente-Rodriguez, Lu{\'\i}s},
booktitle={Field Programmable Logic and Applications, 2009. FPL 2009. International Conference on},
pages={582--586},
year={2009},
organization={IEEE}
}

@inproceedings{eie,
title={EIE: efficient inference engine on compressed deep neural network},
author={Han, Song and Liu, Xingyu and Mao, Huizi and Pu, Jing and Pedram, Ardavan and Horowitz, Mark A and Dally, William J},
booktitle={Proceedings of the 43rd International Symposium on Computer Architecture},
pages={243--254},
year={2016},
organization={IEEE Press}
}

@article{eyeriss,
title={Eyeriss: An energy-efficient reconfigurable accelerator for deep convolutional neural networks},
author={Chen, Yu-Hsin and Krishna, Tushar and Emer, Joel S and Sze, Vivienne},
journal={IEEE Journal of Solid-State Circuits},
year={2016},
publisher={IEEE}
}

Those fields that are not to be changed can be left out.
@IEEEtranBSTCTL{IEEEexample:BSTcontrol,
  CTLuse_article_number     = "yes",
  CTLuse_paper              = "yes",
  CTLuse_url                = "yes",
  CTLuse_forced_etal        = "no",
  CTLmax_names_forced_etal  = "10",
  CTLnames_show_etal        = "1",
  CTLuse_alt_spacing        = "yes",
  CTLalt_stretch_factor     = "4",
  CTLdash_repeated_names    = "yes",
  CTLname_format_string     = "{f.~}{vv~}{ll}{, jj}",
  CTLname_latex_cmd         = "",
  CTLname_url_prefix        = "[Online]. Available:"
}


